% links not displaying anywhere?
% colours of links

@article{htru2,
    author = "Dr Robert Lyon",
    title = "UCI Machine Learning Repository",
    url  = "https://archive.ics.uci.edu/ml/datasets/HTRU2",
    year={2017},
    journal={HTRU2 Data Set}
}

@article{pulsarSpace,
    author = "Calla Cofield",
    title = "What Are Pulsars?",
    url  = "https://www.space.com/32661-pulsars.html",
    year={2016},
    journal={Uses of pulsars}
}

@article{pulsarWiki,
    author = "Wikipedia",
    title = "Pulsar",
    url  = "https://en.wikipedia.org/wiki/Pulsar",
    year={2020},
    journal={History of observation}
}

@book{highTimeResolution,
    title={The High Time Resolution Universe Pulsar Survey - I. System Configuration and Initial Discoveries},
    author={M. J. Keith et al.},
    publisher={Monthly Notices of the Royal Astronomical Society},
    year={2010}
}

@article{integratedProfile,
    author = "Kuo Liu",
    title = {Introduction to Pulsar, Pulsar Timing, and measuring of Pulse Time-of-Arrivals},
    url = "http://ipta.phys.wvu.edu/files/student-week-2017/IPTA2017_KuoLiu_pulsartiming.pdf",
    year = {2017},
    journal = {Integrated pulse profile: pulsarâ€™s fingerprint}
}

@article{dmstr,
    author = "Swinburne University of Technology",
    title = "Pulsar Dispersion Measure",
    url = "https://astronomy.swin.edu.au/cosmos/P/Pulsar+Dispersion+Measure",
    year = {2017},
    journal = {Origin of Dispersion Measure}
}